<?xml version="1.0" encoding="UTF-8"?><collection xmlns="http://www.loc.gov/MARC21/slim"><record><leader>00353nam--2200133-i-4500</leader><controlfield tag="001">000041239</controlfield><controlfield tag="002">20161230</controlfield><controlfield tag="005">20161230201043</controlfield><controlfield tag="008">060222s1000------------r-----000-0-eng-d</controlfield><datafield ind1=" " ind2=" " tag="080"><subfield code="a">621.384.634(061.3)</subfield></datafield><datafield ind1=" " ind2=" " tag="245"><subfield code="a">Synchrotron radiation cources</subfield></datafield><datafield ind1=" " ind2=" " tag="260"><subfield code="a">Bombay, Bhabha Atomic Research Center, 1980. Vii + 393</subfield></datafield><datafield ind1=" " ind2=" " tag="700"><subfield code="a">A.S.Nigavakar</subfield></datafield><datafield ind1=" " ind2=" " tag="852"><subfield code="a">70675</subfield></datafield></record></collection>